@InProceedings{brown_et_al:LIPIcs:2019:11064,
  author =	{Chad E. Brown and Cezary Kaliszyk and Karol Pak},
  title =	{{Higher-Order Tarski Grothendieck as a Foundation for Formal Proof}},
  booktitle =	{10th International Conference on Interactive Theorem Proving (ITP 2019)},
  pages =	{9:1--9:16},
  series =	{Leibniz International Proceedings in Informatics (LIPIcs)},
  ISBN =	{978-3-95977-122-1},
  ISSN =	{1868-8969},
  year =	{2019},
  volume =	{141},
  editor =	{John Harrison and John O'Leary and Andrew Tolmach},
  publisher =	{Schloss Dagstuhl--Leibniz-Zentrum fuer Informatik},
  address =	{Dagstuhl, Germany},
  URL =		{http://drops.dagstuhl.de/opus/volltexte/2019/11064},
  URN =		{urn:nbn:de:0030-drops-110643},
  doi =		{10.4230/LIPIcs.ITP.2019.9},
  annote =	{Keywords: model, higher-order, Tarski Grothendieck, proof foundation}
}